
@misc{hub,
author={Bergen Adair},
  title = {The Difference Between Business Intelligence vs Business Analytics } ,
 howpublished = "url{https://selecthub.com/business-intelligence/business-intelligence-vs-business-analytics/}"
}


@inbook {1,
	    author  = "Hernandez, W. and Sanchez, E.",
	    title   = "EL MODELO DE GESTIÓN BALANCED SCORECARD EN LA
EMPRESA CHICLAYANA TRANSPORTES YAKOS SAC. PARA
EL AÑO 2016 - 2017 ",
	    year    = "2017"
	}
@inbook {2,
	    author  = "Jiménez, Y.",
	    title   = "INNOVACIÓN EN MODELO DE NEGOCIOS: METODOLOGÍA
CANVAS APLICADA A EMPRESA DE ASESORÍAS CONTABLES.",
	    year    = "2015"
	}

@canvas {3,
	    author  = "Marbaise, M.",
	    title   = "El modelo Canvas: Analice su modelo de negocio de forma eficaz",
	    year    = "2014"
	}



